2335 3916
665 142 918 194 LIBER
989 149 1453 198 SECVNDVS.
1897 174 1995 216 1055

200 215 358 251 omnibus
378 216 562 251 Ptolemaeis
583 242 594 255 ‚
615 220 649 251 &
662 231 734 265 quae
745 220 763 253 a
774 220 880 254 senatu
892 221 1066 256 constituta
1079 222 1149 258 sunt
1161 248 1172 262 ‚
1186 236 1317 259 necnon
1329 229 1364 258 <Sc
1385 229 1538 262 maximis
1551 231 1716 266 Romanis
1728 234 1995 280 imperatoribus.

198 265 233 298 Si
245 265 322 301 verb
333 267 548 300 Germanicus
558 264 720 301 frumenta
731 266 905 302 cundwin
919 269 1114 305 Alexandria
1124 273 1412 309 commorantibus
1423 279 1530 310 metiti
1543 289 1612 311 non
1627 283 1746 325 potuit,
1760 281 1824 315 hoc
1835 283 1998 316 indicium

197 313 242 346 est
251 313 424 348 sterilitatis
433 325 468 347 ac
479 317 621 361 penuriae
630 313 874 350 frumentorum
888 341 898 355 ,
920 330 989 351 non
1000 318 1162 353 accusatio
1182 322 1380 356 ludaeotum.
1411 324 1504 370 Qd
1518 327 1607 359 enim
1620 324 1757 362 lentian‘t
1767 342 1883 364 omnes
1896 333 2000 377 impe-

196 371 319 396 ratores
330 362 368 396 de
381 363 495 396 Iudaeis
507 366 540 395 111
553 364 749 397 Alexandria
761 364 1049 400 commorantibus
1061 391 1071 405 ,
1094 367 1200 415 palam
1214 370 1267 403 est.
1294 383 1371 404 nam
1392 372 1629 406 administratio
1654 378 1754 410 tritici
1776 377 1884 411 nihilo
1899 380 2004 426 magis

195 407 236 442 ab
248 411 295 443 eis
313 438 324 454 ‚
351 411 452 457 quain
472 409 512 446 ab
531 409 603 445 aliis
627 413 857 446 Alexandrinis
873 413 1020 447 transsata
1035 415 1088 448 est.
1121 418 1307 451 Maximam
1329 419 1407 452 verb
1430 423 1474 454 eis
1497 419 1595 454 fidem
1616 420 1698 456 olim
1712 424 1729 456 a
1752 425 2002 472 regibusdatam

195 459 385 492 conseruare
404 481 415 497 ,
442 459 530 492 idest
550 483 559 495 ‚
586 458 732 493 fluminis
751 461 933 494 custodiam
959 486 969 498 ‚
995 462 1159 510 totiusque
1181 466 1334 499 custodiae
1356 491 1365 502 ,
1401 480 1611 515 nequaquam
1633 469 1684 504 his
1704 470 1799 506 rebus
1822 476 2001 521 indigenos

194 503 254 539 eise
273 507 464 540 iudicantes.
500 507 561 540 Sed
582 505 674 555 super
693 507 757 541 hoc
777 521 784 541 :
818 511 995 555 quomodo
1015 522 1115 557 ergo,
1138 514 1269 559 inquit,
1304 513 1324 547 si
1348 517 1420 549 lunt
1433 528 1522 550 ciues
1535 541 1545 555 ‚
1567 516 1695 552 eosdem
1708 519 1785 554 deos
1799 533 1904 567 ,quos
1919 521 1997 556 Ale-

192 554 344 588 xandrini
364 567 434 588 non
446 554 562 589 colunt
572 563 581 588 ἓ
593 558 658 590 Cui
670 555 859 603 respondeo.
870 557 1057 602 Qmodo
1071 561 1260 599 etiamn-Cim
1272 575 1329 596 vos
1340 562 1403 597 sitis
1414 567 1559 613 AEgyptij
1572 589 1581 603 ‚
1604 568 1688 600 inter
1696 566 1866 604 alterutros
1878 570 1992 617 ptaelio

197 615 320 650 magno
341 605 375 636 &
396 602 461 637 line
482 602 602 638 foedere
621 607 660 638 de
680 607 841 651 religione
861 607 1082 641 contenditis?
1103 619 1156 641 aut
1176 610 1261 643 certe
1271 622 1440 659 propterea
1461 625 1530 647 non
1542 626 1602 648 vos
1614 627 1731 649 omnes
1742 616 1995 664 dicimusAEgy-

196 661 286 699 ptios
297 675 308 690 ‚
328 654 363 685 δε
375 663 483 698 neque
493 655 715 686 communiter
729 652 881 687 homines
894 678 903 691 ,
926 659 1087 700 quoniam
1101 654 1214 690 bestias
1225 661 1428 695 aduerlantes
1440 672 1561 695 naturae
1573 661 1695 701 colitis,
1709 664 1810 698 multa
1822 665 1992 712 diligentia

198 701 408 735 nutrientes?
440 701 514 734 cum
535 714 638 747 genus
660 714 774 748 viique
793 701 981 736 nostrorum
1003 715 1105 737 vnum
1127 707 1322 751 atqueidem
1335 708 1392 742 else
1405 712 1560 745 Videatur.
1580 711 1612 744 Si
1625 714 1776 746 auhmin
1787 711 1883 747 vobis
1893 717 1993 761 AEgy-

195 750 274 795 ptiis
285 758 380 782 tantae
392 747 580 783 differentiae
593 762 793 796 opinionum
807 750 879 784 sunt
898 774 908 789 ,
936 752 1156 798 quidmiraris
1170 754 1257 802 supet
1271 755 1321 789 his
1334 781 1343 794 ,
1356 759 1413 804 qui
1425 757 1555 793 aliunde
1565 761 1597 793 in
1611 759 1840 795 Alexandriam
1853 763 1994 796 aduene-

195 807 292 836 runt,
315 795 681 846 filegibusaprincipio
694 798 877 832 constitutis
897 823 907 837 ,
932 802 1018 833 circa
1040 800 1116 834 ralia
1126 802 1351 849 permansere?
1378 807 1407 839 Is
1427 816 1534 840 autem
1547 806 1716 842 seditionis
1727 809 1820 845 causa
1829 808 1928 844 nobis
1941 823 1994 857 ap-

191 847 308 892 ponit:
321 848 379 892 qui
390 843 411 878 fi
425 857 500 879 cum
513 849 646 880 veritate
657 845 702 880 ob
714 845 777 880 hoc
787 846 911 881 accusat
922 849 1047 881 iudaeos
1069 851 1105 882 in
1125 849 1323 885 Alexandria
1341 853 1538 891 constitutos
1551 879 1560 893 2
1580 867 1637 890 cur
1648 869 1764 892 omnes
1777 869 1846 892 non
1858 857 1990 907 culp-are

192 892 290 943 poffit
309 917 320 932 ,
349 906 389 928 eo
409 894 500 941 quod
518 894 687 929 noscamur
710 894 827 929 habere
847 896 1082 929 concordiam?
1110 898 1214 932 Porib
1234 902 1332 934 eriam
1353 902 1523 938 seditionis
1536 905 1989 953 aute›1cs,quilibctinueniet

193 943 339 989 Apionis
351 940 468 977 ssmiles
480 942 779 978 Alexandrinorum
799 942 888 976 funse
910 945 1006 977 ciues.
1035 946 1154 980 Donec
1174 950 1261 981 enim
1278 951 1384 984 Graeci
1406 949 1492 985 fuere
1514 956 1544 986 &
1568 953 1861 988 Maccdomshanc
1874 957 1990 989 ciuita-

192 1001 260 1025 tem
271 990 425 1025 habentes
436 1016 446 1028 ‚
458 991 582 1025 nullam
594 990 787 1025 seditionem
798 991 947 1026 aduersus
960 1004 1019 1026 nos
1030 993 1151 1040 gessere
1172 1019 1182 1034 ‚
1202 995 1252 1029 sed
1264 1001 1409 1046 antiquis
1419 998 1537 1034 cessere
1549 996 1807 1037 lbleiinitatibus.
1834 1002 1920 1037 Cum
1934 1015 1990 1037 ve-

192 1038 231 1072 rb
244 1039 425 1073 multitudo
437 1042 668 1087 AEgyptiorum
680 1038 919 1073 creunseti'ncei-
930 1052 985 1075 eos
1006 1065 1016 1078 ‚
1036 1054 1167 1089 propter
1178 1044 1386 1081 confatioues
1406 1057 1592 1095 tempotum
1607 1073 1616 1087 ,
1628 1052 1724 1084 etiam
1736 1049 1801 1084 hoc
1812 1063 1895 1098 opus
1908 1051 1990 1085 sem-

191 1096 249 1136 per
258 1088 302 1121 est
312 1088 471 1121 additum.
510 1088 670 1122 Nostrum
682 1087 759 1120 veib
770 1100 872 1135 genus
884 1091 1058 1135 permanlit
1070 1103 1200 1137 purum.
1211 1092 1269 1140 lpii
1283 1099 1383 1141 igitur
1402 1097 1555 1131 molestiae
1565 1097 1660 1132 huius
1671 1096 1756 1132 fuet<-
1769 1102 1985 1147 principium,

191 1147 401 1182 nequaquam
422 1134 548 1184 populo
567 1136 818 1171 Macedonicam
836 1136 977 1171 habente
996 1140 1213 1174 constantiam
1234 1165 1244 1178 ‚
1270 1155 1376 1189 neque
1394 1147 1600 1190 prudentiam
1626 1149 1770 1180 (iiaecam
1795 1160 1803 1180 :
1838 1147 1889 1181 sed
1907 1160 1989 1183 cun-

190 1183 252 1217 stis
262 1182 385 1218 scilicet
395 1182 563 1219 vtentibus
575 1187 666 1218 malis
679 1185 827 1219 moribus
846 1188 1078 1233 AEgyptiorum
1095 1211 1105 1226 ,
1134 1192 1166 1222 δε
1180 1193 1328 1237 antiquas
1341 1195 1533 1227 inimicitias
1551 1195 1721 1228 adiieisum
1736 1207 1797 1230 nos
1809 1198 1988 1231 exercenti-

187 1229 257 1266 bus.
290 1233 315 1265 E
324 1231 452 1266 diuerso
464 1244 607 1280 namque
617 1231 738 1266 fastum
752 1234 795 1266 est
807 1237 898 1280 quod
909 1233 1008 1269 nobis
1017 1237 1237 1283 improperare
1248 1238 1455 1286 piaesuniunt.
1468 1254 1541 1276 nam
1555 1242 1627 1276 cum
1641 1243 1776 1291 plurimi
1790 1257 1904 1278 eorum
1914 1257 1986 1280 non

184 1278 375 1328 opportune
388 1283 437 1316 ius
448 1283 517 1315 eius
528 1283 669 1316 ciuitatis
681 1280 852 1316 obtineant
864 1306 873 1320 ,
884 1285 1074 1330 peregrinos
1084 1297 1201 1319 vocant
1215 1299 1269 1320 eos
1282 1311 1292 1324 ,
1318 1291 1375 1334 qui
1389 1288 1452 1323 hoc
1473 1292 1688 1338 priuilegium
1710 1294 1868 1326 adomnes
1880 1296 1984 1341 impe-

185 1327 274 1363 tralse
295 1328 486 1365 noscuntur.
525 1330 612 1364 Nam
640 1332 802 1377 AEgyptiis
815 1343 919 1377 neque
940 1343 1053 1378 regum
1076 1333 1248 1379 quisquam
1270 1337 1397 1370 Videtur
1416 1340 1466 1372 ius
1488 1341 1629 1373 ciuitatis
1649 1339 1904 1389 fuiffelargitus:
1926 1354 1984 1376 ne·-

182 1389 248 1424 que
258 1388 347 1411 nunc
359 1378 499 1424 quilibet
508 1380 749 1426 imperatorem.
790 1380 864 1413 Nos
876 1391 984 1413 autem
997 1381 1179 1416 Alexander
1190 1384 1323 1429 quidem
1337 1387 1519 1420 introduxit
1528 1411 1539 1425 ,
1550 1399 1640 1434 reges
1651 1399 1757 1422 autem
1772 1387 1900 1428 auxere,
1911 1391 1982 1424 Ro-

184 1427 274 1459 mani
288 1425 364 1460 verb
375 1426 498 1474 [emper
509 1427 670 1461 custodire
680 1428 804 1474 dignati
826 1434 908 1461 lunt.
952 1431 1064 1475 Itaque
1075 1430 1230 1478 derogare
1249 1431 1348 1466 nobis
1369 1435 1481 1480 Apion
1501 1435 1630 1474 voluit,
1651 1439 1728 1484 quia
1745 1440 1984 1485 imperatorum

182 1484 254 1508 non
267 1474 440 1510 statuamus
451 1479 610 1523 imagines
621 1498 631 1514 ,
643 1485 799 1521 tanquam
819 1475 883 1509 illis
901 1474 966 1509 hoc
979 1479 1210 1522 ignorantibus
1221 1501 1231 1516 ,
1243 1491 1298 1513 aut
1309 1479 1494 1516 defensione
1507 1484 1650 1530 Apionis
1660 1485 1979 1538 indigentibusffum

179 1521 291 1570 potius
303 1522 448 1558 debuerit
459 1525 610 1558 admirari
624 1527 926 1570 magnanimitatem
947 1525 1206 1573 modestiamque
1225 1530 1481 1567 Romanorum,
1493 1533 1653 1578 quoniam
1666 1532 1829 1568 subiectos
1842 1547 1909 1569 non
1923 1547 1980 1569 co·-

181 1581 267 1616 gunt
277 1581 379 1618 patria
390 1575 459 1605 iura
474 1572 694 1605 transcendere
707 1585 714 1604 2
728 1571 778 1605 sed
793 1572 967 1620 suscipiunt
979 1572 1135 1612 honores,
1149 1575 1227 1609 licut
1238 1577 1312 1610 dare
1324 1576 1498 1613 offerentes
1509 1581 1601 1626 pium
1616 1591 1712 1626 atque
1722 1581 1910 1629 legitimum
1924 1583 1981 1618 cst.

183 1618 269 1654 Non
288 1623 377 1652 enim
403 1620 425 1653 h
442 1622 592 1654 »noiibus
611 1622 748 1667 gratiam
770 1619 891 1657 habent
904 1645 913 1658 ‚
935 1634 1041 1668 quiex
1052 1622 1277 1658 necestitate&
1299 1625 1457 1661 violentia
1477 1627 1702 1664 conferuntur.
1736 1632 1981 1678 Graecisitaque

185 1669 217 1699 &
236 1666 310 1701 aliis
330 1665 525 1714 quibusdam
547 1693 557 1707 ‚
578 1669 705 1702 bonum
718 1668 776 1702 else
788 1669 927 1702 creditur
939 1673 1100 1718 imagines
1121 1672 1296 1708 instituere.
1336 1676 1492 1722 Denique
1505 1679 1538 1709 δε
1551 1688 1679 1724 patrum
1693 1681 1727 1711 δε
1742 1691 1881 1714 vxorum
1893 1679 1981 1713 filio-

184 1713 223 1749 rr'i
238 1728 324 1761 uque
346 1727 462 1764 nguras
473 1720 687 1764 depingentes
697 1715 841 1751 exultant
852 1741 862 1755 ,
873 1718 1008 1764 quidam
1019 1719 1097 1753 verb
1109 1723 1205 1754 etiam
1217 1721 1300 1756 nihil
1311 1721 1368 1757 fibi
1381 1727 1640 1772 competentium
1656 1724 1789 1760 sumunt
1809 1729 1980 1774 imagines.

184 1765 240 1809 aiij
263 1763 385 1799 verboe
409 1766 516 1798 seruos
534 1768 730 1812 diligentes,
751 1764 815 1799 hoc
835 1765 968 1799 Faciunt.
1004 1767 1096 1812 Qd
1116 1781 1194 1815 ergo
1216 1772 1338 1804 mirum
1350 1773 1404 1810 est,
1418 1771 1439 1805 si
1453 1775 1550 1806 etiam
1563 1773 1767 1821 principibus
1786 1787 1821 1809 ac
1833 1777 1983 1811 dominis

185 1812 278 1848 hunc
303 1814 467 1847 honorem
490 1814 630 1860 praebere
643 1813 833 1847 videantur?
860 1814 964 1848 Porrb
983 1827 1092 1850 autem
1113 1816 1275 1864 legissator
1293 1843 1304 1858 ‚
1325 1831 1395 1853 non
1417 1820 1507 1867 quafi
1527 1821 1723 1869 prophetans
1745 1825 1981 1860 Romanorum

184 1873 367 1910 potentiam
381 1874 449 1895 non
463 1860 757 1900 honorandam,sed
769 1873 923 1908 tanquam
937 1861 1062 1898 causam
1074 1877 1179 1912 neque
1191 1867 1265 1900 Deo
1277 1880 1382 1914 neque
1393 1867 1586 1904 hominibus
1598 1871 1710 1904 vtilem
1723 1872 1900 1918 despiciens
1912 1897 1922 1911 ,
1945 1876 1980 1907 ὃς

187 1915 349 1958 quoniam
362 1913 463 1944 totius
474 1912 610 1943 animati
623 1934 633 1948 ‚
655 1910 879 1957 multomagis
894 1912 957 1944 Dei
969 1913 1141 1947 inanimati
1154 1938 1164 1952 ,
1183 1914 1339 1961 probatur
1353 1915 1573 1957 liucinii-rius,
1586 1920 1754 1953 interdixit
1767 1924 1926 1968 imagines
1938 1916 1983 1956 fa·

185 1958 322 1994 bricare.
345 1959 417 1993 aliis
436 1970 544 1992 autem
556 1957 740 1992 honoribus
752 1959 822 2006 post
839 1961 948 1994 Deum
961 1960 1118 1996 colendos
1131 1974 1198 1996 non
1210 1963 1383 2010 prohibuit
1392 1967 1482 2000 viros
1493 1965 1616 2005 bonos,
1629 1967 1748 2014 quibus
1761 1981 1821 2002 nos
1831 1975 1864 2002 ὅ(
1879 1971 1982 2018 impe„

187 2019 310 2042 ratores
330 2011 363 2041 δε
383 2006 494 2054 popul.
506 2008 650 2040 Roman.
670 2007 886 2053 dignitatibus
907 2008 1111 2055 ampliamus.
1151 2012 1300 2046 Facimus
1320 2024 1426 2047 autem
1445 2027 1505 2060 pro
1525 2017 1570 2049 eis
1590 2018 1749 2050 continua
1761 2015 1981 2052 sacrificiaz&

184 2069 258 2091 non
279 2057 383 2090 lolum
404 2055 610 2101 quotidianis
629 2054 743 2089 diebus
764 2067 801 2089 ex
820 2056 964 2104 impensi
977 2061 1315 2096 communiomnium
1336 2063 1524 2096 Iudaeorum
1537 2062 1612 2097 talia
1624 2063 1844 2106 celebramus:
1865 2065 1979 2101 verum

185 2104 260 2139 cum
283 2105 387 2138 nullas
397 2105 474 2137 alias
485 2103 606 2137 hostias
616 2115 652 2136 ex
670 2106 865 2142 communi,
885 2118 990 2151 neque
1001 2119 1060 2153 pro
1080 2105 1158 2141 filiis
1179 2121 1391 2156 peragamus,
1405 2111 1479 2145 solis
1502 2111 1754 2159 imperatoribus
1766 2112 1853 2147 hunc
1865 2113 1978 2148 hono-

182 2166 251 2189 rem
272 2163 472 2200 praecipuum
493 2154 609 2198 pariter
621 2150 814 2186 exhibemus
826 2176 836 2191 ,
853 2165 951 2198 quem
965 2152 1142 2189 hominum
1155 2156 1236 2190 nulli
1247 2158 1555 2204 persoluimusHaec
1566 2162 1675 2207 itaque
1695 2165 1918 2196 communiter
1930 2163 1977 2198 sa-

182 2201 327 2237 tisfaCtio
339 2200 440 2248 posita
450 2199 486 2232 sit
497 2198 647 2234 aduersus
660 2202 893 2248 Apionenipro
907 2201 1044 2249 his‚quae
1056 2204 1094 2237 dc
1105 2205 1301 2240 Alexandria
1314 2208 1400 2240 dicta
1411 2205 1493 2241 sunt.
1506 2209 1664 2242 Admiror
1675 2220 1780 2242 autem
1796 2212 1891 2243 etiam
1904 2223 1975 2251 eos,-⁸

182 2255 242 2298 qui
265 2253 293 2284 ei
314 2248 502 2282 huiusmodi
522 2246 676 2282 fomitem
695 2247 858 2295 praebuere
869 2274 879 2286 ‚
899 2251 932 2283 id
943 2253 986 2285 est
998 2275 1010 2290 ‚
1036 2250 1248 2286 Polidonium
1263 2258 1295 2287 δε
1310 2255 1519 2302 Apollinium
1533 2257 1695 2291 Molonis:
1708 2260 1868 2304 quoniam
1880 2270 1973 2293 accu-

179 2303 250 2334 lant
270 2299 405 2346 quidem
427 2309 490 2330 nos
511 2320 522 2333 ‚
544 2308 642 2342 quare
653 2308 715 2330 nos
725 2297 854 2331 eosdem
864 2299 943 2332 deos
953 2311 1029 2333 cum
1040 2300 1113 2334 aliis
1125 2314 1193 2335 non
1213 2303 1354 2337 colimus
1375 2316 1382 2337 :
1404 2307 1598 2339 mentientes
1608 2316 1712 2340 autem
1727 2317 1865 2352 pariter,
1886 2311 1918 2341 δέ
1932 2308 1971 2342 de

180 2348 295 2384 nostro
315 2345 441 2392 templo
462 2344 676 2392 blasphemias
693 2357 932 2392 componentes
949 2350 1148 2395 incongruas
1160 2374 1169 2387 ,
1181 2362 1249 2384 non
1263 2351 1290 2385 se
1301 2363 1416 2398 putant
1427 2353 1529 2400 impie
1541 2365 1632 2400 agere
1644 2367 1651 2386 :
1663 2353 1736 2388 cum
1750 2353 1785 2387 fit
1797 2354 1890 2389 valde
1903 2367 1972 2391 tur-

179 2394 490 2445 piffimumlibetis‚
511 2392 656 2440 qualibet
669 2396 795 2427 ratione
808 2396 1080 2435 mentiri,multo
1102 2400 1202 2446 magis
1222 2399 1260 2433 de
1281 2401 1405 2449 templo
1425 2403 1510 2451 apud
1531 2404 1669 2436 cunctos
1689 2403 1842 2437 homines
1857 2407 1969 2438 nomi-

178 2455 261 2479 nato
280 2467 290 2483 ,
310 2453 397 2477 tanta
418 2442 584 2475 lancinare
596 2441 751 2489 pollente.
785 2444 822 2476 In
841 2442 907 2477 hoc
926 2447 1013 2479 enirn
1027 2445 1162 2480 sacrario
1182 2449 1296 2494 Apion
1306 2448 1502 2498 praesumplit
1515 2451 1637 2484 edicere
1650 2475 1660 2489 ,
1680 2449 1759 2484 asini
1783 2460 1878 2499 caput
1899 2451 1970 2487 col-²

172 2490 292 2527 Iocaste
307 2492 434 2525 Iudaeos
452 2515 461 2526 ‚
489 2494 523 2524 3<
546 2490 579 2523 id
596 2490 702 2524 colere
721 2515 731 2528 ‚
753 2502 790 2524 ac
810 2491 948 2540 dignum
967 2492 1071 2528 facete
1089 2505 1176 2529 tanta
1195 2496 1354 2543 religione
1377 2510 1385 2531 ε
1419 2502 1453 2534 &
1472 2498 1538 2532 hoc
1559 2497 1696 2532 affirmat
1723 2498 1812 2532 fuiffe
1840 2500 1969 2548 depala-

172 2550 244 2576 tum
263 2565 276 2580 ,
291 2541 369 2574 dum
394 2538 583 2572 Antiochus
593 2537 776 2586 Epiphanes
794 2543 827 2573 δε
848 2540 1035 2587 expoliasset
1048 2543 1207 2590 templum
1230 2571 1240 2583 ‚
1262 2550 1294 2578 &
1315 2545 1398 2580 illud
1419 2557 1514 2594 caput
1532 2545 1703 2581 inueniffrt
1721 2560 1758 2581 ex
1778 2560 1858 2582 auto
1876 2560 1970 2584 com·

169 2588 316 2637 politum
340 2588 452 2622 multis
471 2589 619 2633 pecuniis
635 2587 784 2634 dignum.
830 2589 880 2622 Ad
900 2588 965 2623 hoc
984 2592 1088 2637 igitur
1110 2592 1252 2638 primum
1265 2595 1398 2640 quidem
1412 2596 1771 2643 relpondeo,quoniarn
1792 2599 1968 2649 AEgyptius

170 2637 222 2671 vel
240 2637 263 2671 fi
283 2636 409 2682 aliquid
421 2635 481 2668 tale
492 2634 576 2681 apud
587 2647 647 2669 nos
659 2633 762 2668 fuilset
773 2657 783 2673 ,
795 2648 1003 2684 nequaquam
1016 2638 1168 2674 debuerat
1187 2644 1351 2689 increpare
1360 2667 1369 2681 ‚
1381 2643 1453 2678 cum
1466 2656 1535 2677 non
1548 2642 1584 2677 fir
1603 2645 1744 2678 deterior
1755 2643 1859 2678 afinus
1875 2650 1971 2689 iuro-5

168 2685 268 2720 nibus
287 2689 322 2719 δε
345 2685 445 2718 hircis
465 2687 499 2716 ὅς
522 2682 615 2720 aliis,
634 2686 693 2730 qui
713 2682 785 2718 sunt
805 2686 891 2731 apud
912 2699 967 2720 eos
978 2687 1033 2732 di]-
1064 2689 1195 2722 Deinde
1207 2691 1381 2736 quomodo
1393 2690 1643 2731 nonintellexit,
1654 2691 1965 2741 operibusiiicrepa-

168 2743 220 2768 tus
239 2733 279 2767 de
298 2731 486 2767 incredibili
508 2729 566 2764 suo
589 2733 773 2766 mendacio.
819 2733 963 2780 Legibus
974 2747 1118 2781 namque
1130 2735 1252 2785 semper
1264 2741 1384 2774 vtimut
1397 2740 1531 2774 iisdem:
1553 2743 1587 2774 in
1600 2741 1719 2787 quibus
1731 2739 1794 2773 sine
1807 2739 1871 2774 fine
1883 2753 1964 2776 con-

167 2780 319 2815 sistimus.
356 2781 396 2813 Et
407 2778 481 2813 cum
495 2781 574 2825 varij
586 2778 671 2814 casus
682 2780 825 2815 nostram
837 2784 1006 2817 ciuitatem
1025 2808 1035 2822 ,
1063 2784 1142 2818 licut
1161 2789 1257 2820 etiam
1269 2786 1408 2822 aliorum
1419 2792 1604 2824 vexauerint
1616 2813 1624 2826 ,
1650 2791 1682 2822 δε
1696 2787 1808 2823 Theos
1819 2801 1854 2822 ac
1865 2790 1967 2824 Pom-

171 2842 264 2878 peius
285 2830 448 2875 Magnus,
465 2839 501 2861 ac
524 2828 671 2862 Licinius
693 2827 820 2863 Craffus
841 2854 852 2866 ‚
883 2833 917 2864 ὃ(
939 2831 978 2864 ad
999 2831 1212 2867 nouiffimum
1242 2836 1337 2871 Titus
1359 2837 1464 2871 Caesar
1485 2862 1495 2874 ‚
1515 2836 1602 2870 bello
1625 2839 1791 2871 vincentes
1812 2837 1968 2872 obtinue-

169 2881 238 2916 rint
256 2878 415 2924 templum
437 2900 448 2914 ‚
475 2874 558 2910 nihil
587 2875 774 2910 huiusmodi
800 2876 870 2911 11116
895 2878 1051 2914 inuenere
1081 2893 1089 2914 ε
1121 2881 1172 2915 sed
1200 2882 1401 2930 puriffimam
1430 2888 1579 2932 pietatem
1601 2908 1611 2921 ,
1643 2884 1682 2917 de
1704 2897 1768 2931 qua
1797 2885 1883 2920 nihil
1903 2898 1968 2930 iio-7

168 2925 222 2961 bis
240 2925 285 2960 est
303 2925 390 2973 apud
409 2924 493 2959 alios
513 2922 652 2959 effabile.
685 2926 775 2970 Qa
796 2925 875 2958 verb
898 2928 1084 2963 Antiochus
1104 2942 1209 2976 neque
1230 2932 1345 2966 iustam
1366 2932 1442 2966 fecit
1461 2932 1575 2979 templi
1597 2932 1871 2979 depraedationem
1884 2958 1894 2974 ‚
1914 2933 1967 2969 sed

170 2975 307 3022 egestate
318 2975 530 3021 pecuniarum
545 2974 584 3006 ad
595 2973 660 3007 hoc
671 2971 882 3010 acccissr‚cuin
901 2986 972 3008 non
991 2975 1063 3011 elset
1081 2977 1182 3012 hostis
1194 3003 1204 3018 ,
1225 2983 1257 3014 &
1281 2981 1387 3014 socios
1409 2978 1537 3027 insuper
1558 2992 1620 3014 iios
1633 2981 1750 3015 suos&
1764 2984 1890 3018 amicos
1909 2995 1968 3031 ag-

169 3021 290 3071 grcffus
311 3023 355 3056 est
375 3043 386 3060 ‚
407 3033 467 3055 nec
483 3020 608 3066 aliquid
619 3022 758 3066 dignum
779 3020 939 3057 derilione
958 3023 1028 3058 illic
1047 3027 1204 3065 inuenit,
1233 3029 1329 3063 multi
1362 3033 1395 3062 ὅ(
1417 3029 1509 3076 digni
1529 3027 1768 3075 conscriptores
1788 3027 1879 3078 super
1898 3031 1967 3065 hoc

169 3083 305 3119 quoque
322 3070 475 3104 testantur
495 3081 504 3101 ε
533 3068 691 3114 Polybius
703 3069 1025 3116 Megalopolitanus,
1045 3073 1162 3108 Strabo
1173 3076 1352 3124 Cappadox
1366 3101 1375 3115 ‚
1396 3076 1557 3110 Nicolaus
1575 3075 1967 3126 Damascenus‚Timage-

169 3132 226 3154 nes
245 3143 256 3158 ,
282 3122 316 3153 δέ
338 3118 455 3152 Castor
471 3116 743 3165 chronographus
761 3141 771 3155 ,
799 3118 1025 3165 Apollodotus
1046 3134 1055 3155 ε
1087 3126 1144 3169 qui
1171 3136 1288 3158 omnes
1316 3125 1431 3158 dicunt
1450 3126 1598 3172 pecuniis
1617 3125 1821 3172 indigentem
1843 3129 1967 3160 Antio'-

169 3168 271 3203 chum
292 3164 517 3213 transgrelsum
535 3163 656 3199 foedera
675 3165 880 3208 ludaeorurn,
903 3170 937 3201 δε
958 3168 1102 3215 spoliasse
1114 3172 1273 3220 ternplum
1285 3185 1366 3206 3010
1378 3172 1580 3221 argentoque
1591 3171 1735 3219 plenum.
1773 3176 1853 3209 Haec
1865 3177 1966 3223 igitur

169 3219 283 3265 Apion
295 3215 406 3250 debuit
417 3214 570 3262 respicere
580 3237 591 3251 ‚
604 3211 664 3247 nisi
675 3225 734 3247 cor
747 3214 826 3248 alini
837 3215 903 3261 ipse
912 3217 1020 3264 potius
1032 3218 1187 3254 habuilset
1197 3245 1206 3259 ,
1218 3221 1500 3267 &impudentiam
1512 3223 1613 3259 canis,
1625 3223 1683 3268 qui
1693 3224 1778 3269 apud
1789 3223 1874 3271 ipsos
1885 3219 1966 3257 also·

166 3264 214 3300 let
232 3265 439 3310 colitneque
459 3264 548 3296 enirn
566 3262 760 3297 extrinsecus
781 3262 842 3297 alia
863 3268 1115 3301 ratiocinatione
1145 3272 1299 3302 mentitus
1320 3270 1372 3303 est.
1415 3269 1611 3315 Nositaque
1631 3267 1726 3304 asinis
1737 3283 1842 3317 neque
1854 3269 1966 3306 110110·-

168 3326 237 3349 rem
259 3325 365 3360 neque
393 3311 582 3359 potestatem
611 3310 756 3358 aliquam
775 3313 890 3346 damus
913 3337 922 3349 ‚
952 3312 1032 3349 ficut
1059 3318 1205 3364 AEgyptij
1236 3316 1412 3351 crocodilis
1446 3320 1480 3351 &
1505 3316 1696 3365 aspidibus:
1729 3320 1865 3365 quando·
1892 3326 1965 3364 eosss

168 3364 228 3409 qui
246 3361 287 3397 ab
306 3363 373 3396 istis
395 3359 585 3395 mordentur
607 3384 617 3396 ‚
655 3364 688 3394 &
719 3361 737 3393 ὲ
764 3360 942 3395 crocodilis
972 3365 1142 3410 rapiuntur
1163 3389 1174 3402 ,
1214 3363 1324 3399 felices
1352 3369 1386 3399 δε
1407 3366 1481 3400 Deo
1501 3366 1620 3413 dignos
1641 3364 1858 3402 arbitrantur.·
1898 3368 1962 3416 Sed

167 3408 241 3445 sunt
258 3411 344 3459 apud
361 3421 423 3445 nos
441 3406 541 3448 asini,
557 3409 649 3455 quod
668 3409 754 3458 apud
773 3408 857 3444 alios
876 3407 1031 3459 sapientes
1047 3414 1138 3448 viros
1156 3437 1168 3453 ‚
1187 3424 1287 3448 onera
1303 3411 1431 3449 sibimet
1447 3412 1599 3462 imposita
1598 3411 1818 3496 Xsustinentes
1835 3415 1962 3466 13111ᾷᾴ

1641 3473 1722 3500 XXX
