2335 3916
256 195 364 231 1066
752 173 1147 223 CONTRA
1218 165 1637 217 APlONEM

269 269 357 291 areas
370 253 557 289 accedentes
569 251 746 286 comedant
758 274 768 288 ,
780 259 835 283 aut
848 244 1014 296 proposita
1028 256 1098 278 non
1111 241 1449 290 adimpleant‚multas
1457 240 1551 276 valde
1563 240 1673 290 plagas
1683 240 1988 289 accipiunt,quippe
1998 255 2079 292 ope-

271 305 362 339 ribus
375 308 408 337 &
422 304 460 337 ad
472 300 707 348 agriculturam
719 298 817 333 rebus
838 292 1019 330 neccssiriis
1041 292 1270 325 ministrantes.
1293 288 1346 324 sed
1363 302 1419 325 aut
1438 291 1595 324 omnium
1617 289 1804 325 rudiffimus
1822 287 1886 323 fuit
1905 293 2019 337 Apion
2040 291 2082 325 ad

272 352 548 399 componendum
559 348 657 382 verba
669 346 795 381 fallacia
807 370 816 384 ‚
828 356 881 379 aut
893 341 979 378 certe
991 355 1026 376 ex
1039 340 1133 374 rebus
1145 341 1240 373 initia
1252 338 1380 373 sumens
1391 363 1400 377 ‚
1421 337 1490 372 haec
1501 337 1639 386 implere
1651 352 1721 373 non
1733 338 1983 384 valuit,quando
1992 340 2083 375 nulla

273 401 379 450 potest
393 410 509 434 contra
520 410 582 432 nos
594 395 794 444 blasphemia
806 395 991 441 proneuire.
1021 390 1169 424 Alteram
1182 388 1260 421 vero
1271 385 1416 422 fabulam
1430 412 1439 426 ,
1451 388 1667 434 derogatione
1679 388 1788 422 nostra
1799 386 1984 434 plenani‚de
1995 392 2084 423 Gfae-

278 452 325 484 cis
337 447 486 497 apposuit
506 460 513 480 τ
539 448 576 481 de
589 458 657 492 quo
671 446 735 478 hoc
753 444 859 476 dicere
881 441 925 474 [ht
937 441 997 473 erit
1008 463 1016 477 ‚
1037 439 1200 485 quoniam
1223 438 1281 483 qui
1293 437 1332 469 de
1342 438 1459 484 pietate
1471 435 1566 483 loqui
1578 436 1793 484 praesumunt,
1806 446 1937 482 oportet
1947 449 2004 472 cos
2017 450 2087 472 non
2291 463 2296 467 .

279 501 432 546 ignorare
445 498 554 530 minus
566 492 847 528 ess‘eimmundum
868 501 923 537 per
936 486 1058 534 templa
1077 483 1230 523 transire,
1255 487 1356 532 quam
1375 484 1598 520 sacerdotibus
1620 484 1746 519 scelesta
1767 484 1865 519 verba
1884 485 2085 534 confingere·
2118 487 2121 489 ’
2273 485 2302 529 k

279 546 423 581 lstiverb
437 547 540 591 magis
552 542 700 577 studuere
713 539 883 574 defendere
906 535 1097 583 sacrilegum
1119 546 1229 582 regem
1243 558 1252 572 ,
1275 534 1374 580 quam
1388 534 1470 567 iusta
1492 537 1526 567 &
1548 535 1731 568 veraciade
1754 534 1872 567 nostris
1891 536 1925 567 δε
1947 536 1987 570 de
2005 548 2090 569 tern-

280 595 337 643 plo
354 593 568 629 conscribere.
602 588 760 624 Volentcs
771 590 860 621 enim
874 584 1047 620 Antiocho
1058 585 1234 631 gratificari
1257 587 1289 616 ἃ
1310 580 1482 630 perfidiam
1503 594 1539 616 ac
1561 580 1765 630 lherilegium
1791 583 1859 617 eius
1879 593 2088 632 tegere,quo

280 647 368 678 εἰπε
381 653 512 677 „eutem
526 640 670 674 nostram
684 636 810 671 estvssss
822 645 955 683 propter
967 633 1138 681 egestatem
1153 635 1365 679 pecuniarum
1377 654 1388 669 ‚
1409 629 1612 665 detrahentes
1635 632 1734 666 nobis
1751 633 1848 665 etiam
1861 645 1933 679 quae
1944 637 1979 668 in
1999 634 2089 670 futu·
2157 625 2180 643 χ

282 695 326 727 ris
338 672 436 726 essiint
447 713 457 730 ,
471 691 600 724 mentiti
621 689 705 721 sunt.
747 683 913 732 Propheta
923 682 1001 716 vero
1011 680 1153 715 aliorum
1165 679 1268 714 fastus
1281 681 1323 713 est
1337 681 1450 726 Apion
1462 701 1472 717 ‚
1491 683 1524 713 δε
1539 679 1621 713 dixit
1633 679 1841 714 Antiochum
1853 682 1889 714 in
1901 684 2026 731 templo
2038 686 2090 719 in-

284 740 404 776 ueniil‘e
417 739 538 773 ledrum
554 741 585 771 ὃ(
601 735 775 770 hominem
789 736 824 767 in
836 745 875 767 eo
887 734 1047 766 iacentem
1061 751 1070 767 ‚
1084 732 1117 764 &
1130 727 1309 777 appositam
1321 729 1349 761 ei
1358 724 1539 762 mensulam
1562 730 1738 763 maritimis
1757 727 1957 778 terrenisque
1972 732 2092 767 volati-

286 789 372 825 lium
385 787 520 835 dapibus
531 786 661 833 plenam
675 809 684 822 ,
703 787 735 817 ἃ
749 782 839 828 quod
851 778 1062 827 obstupuill'et
1074 779 1123 812 his
1136 777 1252 811 homo.
1279 775 1378 810 Illum
1391 776 1468 811 verb
1481 789 1558 810 mox
1571 776 1713 811 adorasse
1725 779 1810 824 regis
1822 778 2012 826 ingrestum,
2023 791 2094 815 tan.»

286 850 389 886 quain
405 839 579 870 maximam
595 832 653 867 fibi
665 844 763 879 opem
777 829 994 879 praebiturizac
1004 828 1234 875 procidentem
1249 826 1366 860 adeius
1382 837 1487 872 genua
1499 849 1509 864 ,
1530 824 1658 859 extensa
1667 825 1795 860 dextera
1804 827 1984 876 poposcisse
1995 829 2096 865 libet-

288 888 436 921 tatemae'e
451 883 584 917 iubente
599 895 671 929 rege
685 892 718 916 vr
729 877 960 916 confide-ren&
974 878 1095 910 diceret
1107 877 1180 922 quis
1193 873 1332 911 effenvel
1343 886 1400 907 cur
1413 872 1537 908 ibidem
1552 873 1777 913 habitaret,vel
1789 888 1854 922 que
1866 875 2038 914 effetcausa
2048 881 2096 913 ci-

288 936 411 970 borum
426 935 590 971 eius‚tunc
602 930 776 963 hominem
790 940 866 962 cum
879 928 1004 974 gemitu
1028 928 1062 959 ὅ(
1085 923 1238 970 lacrymis
1260 922 1512 957 lamentabiliter
1525 921 1612 957 snam
1624 921 1759 957 narrasse
1770 924 1998 961 necessitatem.
2027 929 2098 966 Ait,
2126 924 2134 930 N

289 984 400 1029 inquit
415 1007 423 1020 ‚
451 980 509 1015 effe
522 980 549 1014 se
561 982 713 1014 Graecum
727 991 734 1011 :
749 982 782 1011 δε
795 977 874 1010 dum
887 983 1068 1023 peragraret
1079 975 1289 1020 prouinciam
1301 972 1436 1019 parandi
1447 972 1553 1005 viiitus
1565 970 1656 1006 causa
1667 996 1677 1010 ‚
1690 983 1880 1020 correptum
1893 974 1922 1008 se
1935 974 2042 1010 subito
2054 976 2096 1011 ab

290 1032 486 1079 alienigenis
507 1027 705 1063 hominibus
716 1051 726 1066 ,
744 1037 839 1073 atque
853 1024 1033 1058 deductum
1045 1023 1084 1055 ad
1096 1021 1256 1069 templum
1271 1045 1279 1059 ‚
1293 1018 1502 1054 &inclusum
1516 1020 1634 1058 illm&
1648 1021 1666 1054 a
1678 1019 1771 1054 nullo
1784 1023 1943 1070 conspici,
1954 1022 2005 1058 sed
2016 1036 2098 1059 cun-

291 1081 342 1114 &a
355 1081 488 1127 dapium
501 1080 710 1127 apparatione
724 1075 872 1122 saginari.
906 1074 946 1106 Et
957 1070 1104 1120 primum*
1113 1072 1248 1116 quidem
1261 1068 1329 1102 haze
1340 1066 1396 1103 sibi
1409 1067 1630 1116 inopinabilia
1641 1068 1801 1104 beneficia
1818 1061 1884 1105 vil'a
1895 1073 2032 1107 attulisse
2043 1072 2099 1107 lae-

292 1131 399 1163 titiam
419 1141 426 1161 2
453 1128 570 1161 deinde
593 1125 812 1173 suspicionem
826 1147 835 1161 ,
854 1122 964 1169 postca
976 1121 1163 1167 stuporem:
1189 1116 1390 1166 postremum
1413 1116 1639 1152 consulentem
1651 1118 1840 1159 aministris
1852 1119 1892 1153 ad
1904 1121 1933 1154 se
1943 1116 2100 1157 aecedenss

292 1176 381 1212 tibus
401 1174 519 1211 audiise
539 1174 645 1222 legem
667 1170 867 1207 ineffabilem
881 1170 1073 1203 ¹Indaeorum
1089 1192 1098 1206 ‚
1127 1180 1187 1215 pro
1209 1179 1273 1213 qua
1292 1165 1494 1199 nutriebatur
1518 1178 1525 1198 z
1561 1169 1594 1199 Se
1616 1165 1769 1200 hocillos
1780 1165 1883 1202 facete
1895 1167 2031 1219 siugulis
2042 1183 2102 1206 an-

290 1229 345 1261 'nis
363 1226 510 1273 quodam
531 1234 682 1271 tempore
704 1222 898 1255 constituto.
937 1219 976 1251 Et
998 1217 1277 1264 comprehendere
1297 1215 1432 1261 quidem
1451 1217 1602 1248 Graecum
1617 1217 1829 1262 peregrinum
1849 1240 1860 1254 ,
1888 1218 2030 1266 ei‘irnque
2040 1232 2100 1254 an-

291 1287 362 1309 nuo
385 1285 534 1321 tempore
546 1273 689 1319 saginare
710 1294 721 1308 ,
747 1272 782 1304 &
802 1267 979 1303 deductum
992 1266 1032 1300 ad
1051 1265 1216 1312 quandam
1237 1262 1362 1309 syluam
1381 1287 1391 1302 ,
1424 1263 1575 1297 occidere
1596 1264 1731 1309 quidem
1754 1277 1831 1300 eum
1858 1262 2100 1306 hominemffi-

293 1321 406 1370 ir‘istlue
427 1334 550 1370 corpus
571 1318 748 1355 sacrificare
778 1315 955 1352 secundum
977 1314 1046 1349 suas
1067 1312 1276 1348 solennitates
1295 1337 1305 1351 ‚
1337 1315 1371 1346 δε
1402 1313 1526 1359 gustare
1555 1324 1592 1345 ex
1613 1314 1682 1346 eius
1700 1310 1878 1349 visceribus
1901 1339 1912 1355 ‚
1938 1319 1973 1350 &
2002 1315 2100 1352 iufiu-

296 1373 438 1406 randum
459 1369 563 1406 facere
585 1372 620 1403 in
639 1366 874 1403 immolatione
894 1367 998 1398 Gtaeci
1022 1388 1031 1402 ,
1057 1375 1090 1397 vr
1107 1365 1302 1396 inimicitias
1319 1362 1578 1395 contraGraecos
1599 1359 1756 1395 haberent
1778 1375 1786 1395 :
1812 1365 1939 1399 &tunc
1950 1366 1986 1398 in
1998 1377 2103 1413 qum-

299 1421 376 1455 dam
397 1419 529 1454 foueam
548 1418 676 1465 reliqua
697 1416 848 1450 hominis
868 1415 1033 1462 pereuntis
1053 1411 1203 1445 abiicere.
1252 1411 1383 1444 Deinde
1403 1407 1498 1443 refert
1528 1421 1603 1443 eum
1625 1407 1736 1443 dixiffe
1756 1435 1766 1447 ,
1802 1424 1925 1460 paucos
1953 1415 2021 1448 iam
2041 1415 2109 1451 dies

300 1469 432 1504 debitos
456 1468 585 1502 sibimet
613 1462 766 1514 l'uperelse
784 1489 795 1503 ‚
830 1474 930 1510 atque
957 1455 1080 1509 rogalse
1101 1485 1111 1499 ‚
1140 1471 1175 1494 vt
1204 1461 1362 1496 reuetirus
1380 1460 1574 1492 Graecorum
1593 1458 1672 1493 deos
1692 1485 1702 1497 ‚
1738 1462 1772 1493 Sc
1804 1456 2013 1509 superansin
2035 1461 2112 1498 suos

300 1519 460 1566 languine
478 1514 606 1551 infidias
623 1515 810 1548 ludaeorum
841 1537 852 1552 ‚
877 1513 916 1546 de
935 1510 1029 1544 malis
1057 1520 1132 1543 eum
1153 1507 1430 1543 circunstantibus
1453 1506 1656 1541 deliberaret.
1690 1509 1893 1544 Huiusmodi
1915 1523 1994 1559 ergo
2015 1509 2110 1546 fabu-

299 1565 333 1601 la
354 1577 424 1601 non
446 1565 573 1600 tantum
601 1565 697 1598 omni
723 1562 882 1609 tragoedia
901 1557 1084 1608 pleniffima
1103 1558 1148 1591 est
1168 1582 1178 1594 ‚
1202 1554 1360 1591 sedetiam
1373 1556 1495 1591 crudeli
1518 1557 1723 1603 impudentia
1745 1558 1919 1601 redundat*
1953 1560 2037 1595 Non
2056 1571 2105 1595 ta-

300 1628 378 1649 men
404 1615 423 1649 a
453 1612 623 1662 sacrilegio
650 1614 761 1660 priuat
790 1607 1001 1644 Antiochum
1024 1631 1033 1645 ,
1067 1605 1147 1640 ficut
1163 1604 1308 1639 arbitrati
1331 1604 1403 1639 sunt
1423 1629 1433 1641 ‚
1460 1607 1516 1651 qui
1536 1604 1603 1638 haeC
1622 1606 1662 1639 ad
1690 1606 1780 1641 illins
1798 1610 1937 1655 gratiam
1958 1608 2105 1644 conscri-

297 1662 401 1712 psere.
436 1664 520 1697 Non
537 1673 627 1696 enim
650 1657 850 1709 praesumpsit
869 1657 998 1703 aliquid
1015 1654 1098 1694 tale,
1112 1662 1157 1688 'vt
1176 1655 1216 1688 ad
1237 1652 1398 1700 templum
1421 1654 1605 1688 accederet:
1622 1653 1864 1690 sediicinuenit
1882 1669 1953 1691 non
1966 1657 2104 1706 sperans.

298 1713 373 1747 Fuit
394 1724 473 1759 crgo
492 1710 723 1746 voluntatibus
745 1709 870 1754 iniquis
891 1707 1011 1753 impius
1031 1728 1042 1743 ,
1069 1707 1103 1738 δέ
1123 1702 1344 1737 nihilominus
1369 1701 1434 1736 fine
1451 1703 1527 1737 Deo
1548 1726 1559 1741 ,
1586 1705 1748 1750 quiequid
1768 1703 1854 1739 iuffit
1875 1706 2036 1751 mendacii
2057 1706 2109 1741 ssi-

299 1760 466 1810 perfl‘uitas
485 1785 496 1798 ‚
522 1771 623 1806 quam
643 1771 681 1792 ex
701 1757 767 1805 ipsa
788 1768 820 1789 re
838 1756 1040 1802 cognoscere
1058 1752 1151 1786 valde
1167 1750 1363 1786 facillimum
1384 1751 1438 1785 est.
1480 1752 1562 1785 Non
1582 1754 1670 1786 enim
1692 1755 1778 1788 circa
1789 1753 1875 1788 solos
1895 1756 2028 1789 Graecos
2045 1753 2110 1789 dis-

299 1810 415 1844 cordia
436 1808 548 1857 legum
559 1804 617 1842 effi:
630 1804 849 1855 dignoscitur,
859 1803 910 1837 scd
923 1801 1065 1836 maxime
1077 1800 1227 1835 aduersus
1247 1802 1421 1848 AEgyprios
1432 1802 1467 1834 &
1479 1798 1642 1848 plurimos
1661 1800 1755 1835 alios·
1780 1802 1885 1836 Cuius
1897 1805 1986 1837 enim
1998 1806 2108 1852 tegio-

302 1861 356 1893 nis
376 1857 533 1892 homines
552 1869 623 1891 non
643 1855 786 1902 contigit
805 1852 986 1899 aliquando
1006 1851 1092 1898 apud
1112 1862 1174 1884 nos
1194 1851 1395 1897 peregrinari
1417 1856 1426 1881 ἓ
1459 1859 1493 1882 vt
1512 1849 1662 1884 aduersus
1691 1848 1780 1885 solos
1807 1852 1942 1886 Graecos
1968 1863 2109 1887 renoua-

198 1910 215 1934 Ι
307 1917 340 1942 ta
360 1908 593 1940 coniuratione
613 1917 668 1952 per
688 1900 879 1938 effusionem
902 1900 1070 1948 sanguinis
1083 1910 1252 1946 ageremus
1277 1912 1285 1932 ι
1315 1897 1365 1931 vel
1389 1899 1564 1945 quomodo
1585 1896 1737 1945 poffibile
1763 1923 1772 1937 ‚
1796 1909 1830 1933 vt
1850 1901 1890 1934 ad
1910 1899 1967 1935 has
1987 1899 2109 1936 hostias

312 1967 433 1990 omnes
457 1955 558 1989 ludaei
579 1953 816 2000 colligerentur
836 1974 846 1989 ,
872 1953 906 1984 ὃς
928 1950 1028 1984 tantis
1048 1946 1198 1982 millibus
1217 1948 1256 1981 ad
1285 1947 1481 1995 gustandum
1503 1945 1625 1981 viscera
1643 1945 1699 1980 illa
1720 1944 1902 1982 sufficerent
1922 1973 1932 1986 ‚
1967 1947 2048 1983 ficut
2065 1950 2111 1984 ait

313 2006 430 2052 Apion
449 2011 459 2036 ἓ
483 2002 536 2037 vel
557 2014 612 2036 cur
632 2004 810 2035 inuentum
830 1999 1005 2032 hominem
1026 1999 1219 2044 quicunque
1240 1993 1301 2030 fuit
1327 1998 1339 2038 (
1359 2007 1429 2028 non
1452 1997 1542 2029 enim
1574 1994 1630 2029 suo
1651 1999 1791 2031 nomine
1809 1995 2000 2045 conscripsit
2019 1999 2031 2041 )
2061 2008 2116 2033 aut

314 2052 494 2100 quomodo
514 2063 588 2085 eum
611 2052 646 2084 in
666 2049 753 2083 suam
774 2051 913 2096 patriam
943 2058 996 2080 rex
1017 2058 1087 2079 non
1106 2057 1184 2080 cum
1207 2057 1329 2093 pompa
1348 2045 1483 2077 deduxit
1501 2052 1510 2077 Ξ
1546 2044 1626 2077 dum
1644 2043 1745 2092 posset
1756 2043 1821 2078 hoc
1831 2043 2033 2094 faciens,ipse
2043 2049 2123 2093 qui-
2268 2083 2275 2088 η
2298 2064 2330 2085 2„

313 2103 390 2136 dem
409 2102 517 2149 putari
538 2102 631 2147 pius,
661 2101 695 2132 Sc
717 2100 910 2132 Graecorum
931 2105 1059 2130 amator
1078 2095 1218 2128 eximius
1235 2117 1246 2131 ,
1277 2091 1433 2127 aisumcre
1453 2092 1531 2126 verb
1556 2103 1671 2126 contra
1688 2093 1875 2128 Iudaeorutn
1895 2095 2011 2128 odium
2031 2097 2123 2130 auxi-
2290 2096 2334 2130 s-v'c

315 2149 360 2184 lia
381 2161 502 2197 magna
519 2148 732 2183 wadiorum.
765 2147 827 2180 Sed
840 2146 909 2179 haec
921 2145 1093 2191 relinquo:
1115 2143 1293 2177 insensatos
1314 2144 1403 2175 enirn
1418 2165 1428 2179 ,
1449 2153 1520 2174 non
1533 2140 1639 2175 verbis
1650 2165 1660 2180 ‚
1673 2140 1724 2175 sed
1736 2141 1890 2190 operibus
1902 2143 2120 2192 dccerargue-

313 2211 361 2233 te.
395 2198 512 2232 Sciunt
532 2199 636 2245 igitur
656 2208 772 2230 omnes
785 2219 796 2234 ‚
814 2192 1002 2241 quividere
1013 2192 1300 2226 consti-ustionem
1313 2189 1428 2237 templi
1440 2188 1671 2236 nostri‚.qualis
1681 2189 1789 2228 fuerit,
1800 2193 1834 2225 δε
1845 2192 2119 2240 intransgreffibi-

314 2246 381 2281 lem
393 2248 462 2281 eius
473 2244 718 2294 purificationis
729 2245 962 2291 integritatem.
995 2242 1157 2288 Qituor
1176 2241 1265 2274 enim
1278 2241 1425 2288 porticus
1435 2237 1597 2273 habuitin
1609 2240 1748 2274 circuitu
1760 2263 1770 2278 ,
1791 2243 1826 2274 &
1846 2238 1963 2275 harum
1982 2240 2118 2290 fingulae
2311 2281 2314 2286 ,

312 2298 483 2344 propriam
502 2294 678 2330 secundum
691 2293 798 2340 legem
810 2289 951 2326 habuere
969 2290 1163 2324 custodiam.
1201 2291 1240 2322 In
1261 2290 1456 2323 exteriorem
1477 2290 1587 2335 itaque
1599 2288 1874 2336 ingredilicentia
1884 2287 1947 2324 fuit
1956 2290 2118 2325 omnibus
2307 2283 2328 2324 ‘'ss

312 2347 412 2379 etiam
424 2343 560 2378 alienis:
587 2342 740 2377 mulieres
762 2340 998 2375 tantummodo
1017 2339 1220 2373 menstruatae
1238 2335 1371 2372 transire
1390 2335 1662 2383 prohibebantur.
1695 2338 1732 2370 ln
1744 2336 1916 2372 secundam
1927 2339 2007 2373 vero
2017 2341 2120 2386 porri-

314 2405 393 2428 cum
406 2393 519 2428 cumsti
530 2392 627 2426 Iudaei
640 2387 1105 2438 ingrediebantumorumque
1116 2389 1275 2435 coniuges
1286 2385 1361 2420 curn
1370 2384 1468 2419 effent
1477 2384 1518 2419 ab
1528 2387 1623 2419 omni
1635 2384 1823 2433 pollutione
1843 2387 1984 2421 mundae.
2006 2389 2046 2422 ln
2057 2399 2121 2422 ter-

317 2443 398 2476 tiam
420 2466 430 2479 ,
453 2440 588 2475 masculi
610 2441 794 2474 Iudaeorum
807 2437 923 2472 mundi
940 2438 1109 2471 existentes
1120 2446 1218 2483 atque
1239 2433 1413 2484 purificati.
1435 2436 1472 2468 In
1483 2445 1634 2482 quartam
1646 2446 1754 2468 autem
1766 2434 2052 2473 sacerdotes‚stolis
2064 2438 2120 2471 in-
2306 2431 2315 2474 ’ζ

304 2491 389 2524 'duri
410 2488 673 2524 sacerdotalibus.
705 2490 744 2522 In
763 2487 897 2533 adytum
918 2485 996 2520 verb
1009 2483 1246 2533 soliprincipes
1257 2484 1627 2531 sacerdotum‚proptia
1638 2482 1718 2517 stola
1729 2484 1985 2518 circumamiffi.
2010 2485 2119 2519 Tanta
2257 2518 2263 2524 ,
2300 2477 2325 2513 f*-

317 2538 398 2572 νει-ὸ
412 2538 454 2571 est
466 2540 551 2572 circa
561 2539 677 2572 omnia
688 2535 898 2584 prouidentia
907 2536 1047 2583 pietatis,
1056 2545 1092 2567 vt
1103 2532 1280 2567 secundum
1290 2533 1447 2580 quasdam
1459 2531 1557 2566 horas
1567 2531 1746 2566 sacerdotes
1763 2532 1892 2580 ingredi
1903 2533 2122 2568 constitutum
2311 2532 2314 2535 ”

319 2585 370 2621 fit.
389 2586 493 2620 Mane
512 2588 609 2620 etiam
627 2596 739 2634 aperto
749 2583 875 2631 templo
886 2582 1060 2632 oportebat
1070 2581 1225 2618 facientes
1243 2584 1375 2616 traditas
1385 2579 1507 2615 hostias
1517 2583 1656 2615 introire
1674 2593 1682 2614 ε
1702 2583 1736 2615 &
1755 2581 1892 2615 meridie
1902 2580 2030 2621 rursus,
2041 2582 2124 2616 dum
2138 2573 2145 2587 '

322 2635 528 2670 clauderetur
548 2635 733 2681 templum,
757 2634 901 2679 denique
921 2645 962 2667 ne
982 2644 1036 2667 vas
1053 2631 1190 2679 quidem
1210 2630 1349 2678 aliquod
1369 2631 1493 2678 portari
1516 2629 1594 2663 licet
1613 2631 1649 2663 in
1670 2628 1854 2677 templum,
1872 2630 1925 2664 sed
1934 2633 2068 2665 erantin
2084 2642 2125 2664 eo

323 2683 540 2718 solummodo
551 2681 666 2731 posita,
678 2683 776 2717 altare
787 2680 913 2720 ‚mensa
925 2706 934 2718 ‚
955 2679 1164 2715 thuribulum
1175 2701 1185 2718 ,
1207 2678 1439 2713 candelabrum
1453 2701 1462 2717 ‚
1484 2690 1557 2725 quae
1568 2680 1685 2712 omnia
1705 2680 1740 2711 in
1761 2676 1832 2726 lege
1845 2677 2126 2727 conscripta-sunt.
2263 2683 2313 2751 α

322 2733 456 2766 Etenim
468 2731 553 2766 nihil
564 2730 704 2778 amplius
715 2743 821 2777 neque
833 2730 1064 2775 mysteriorum
1075 2728 1267 2775 aliquorum
1287 2725 1507 2761 ineffabilium
1520 2729 1627 2774 agitur
1639 2750 1649 2765 ,
1669 2739 1776 2774 neque
1796 2730 1886 2761 intus
1907 2726 1973 2762 vlla
1983 2726 2129 2776 epulatio

323 2781 580 2816 administratur.
612 2781 692 2814 Haec
703 2782 793 2813 enim
806 2791 878 2825 qnae
889 2779 1043 2825 praedie'ta
1053 2775 1124 2812 sunt
1136 2801 1145 2814 ,
1166 2775 1289 2810 habent
1307 2779 1409 2809 totius
1427 2775 1544 2823 populi
1555 2775 1784 2809 testimonium
1797 2773 2134 2818 manifestum‚ratio-

324 2828 471 2877 nemque
491 2829 668 2876 gestorum.
700 2826 793 2862 Licet
804 2829 893 2861 enim
906 2825 966 2861 sint
978 2826 1084 2861 tribus
1097 2836 1240 2873 quatuor
1251 2824 1453 2859 sacerdotum
1467 2848 1477 2861 ‚
1506 2827 1539 2857 &
1558 2823 1674 2858 harum
1688 2823 1835 2858 tribuum
1845 2823 1979 2873 fingulae
1992 2823 2132 2860 habeant

328 2877 508 2912 hominum
529 2877 602 2926 plus
622 2877 722 2925 quam
743 2877 892 2923 quinque
915 2874 1042 2919 millia,
1062 2874 1098 2909 fir
1117 2885 1228 2908 tamen
1241 2872 1427 2907 obseruatio
1447 2872 1686 2920 particulariter
1707 2885 1763 2921 per
1777 2874 1846 2908 dies
1867 2883 1975 2908 certos
1998 2886 2007 2907 ι
2034 2876 2068 2908 &
2081 2873 2134 2908 his

330 2926 499 2961 transiistis
521 2951 530 2965 ‚
553 2926 625 2961 aliis
648 2925 852 2959 succedentes
871 2924 909 2957 ad
937 2923 1090 2958 sacrificia
1119 2925 1257 2957 veniunt
1276 2934 1284 2955 :
1319 2925 1355 2956 δε
1384 2923 1576 2969 congregati
1607 2923 1644 2955 in
1665 2920 1828 2969 templum
1859 2922 2024 2956 mediante
2043 2922 2096 2958 die
2114 2921 2133 2956 ὲ

330 2974 591 3023 praecedentibus
613 2973 719 3008 claues
742 2971 858 3021 templi
878 2996 889 3010 ,
913 2974 948 3006 δέ
966 2973 1006 3006 ad
1026 2983 1201 3006 numerum
1223 2973 1337 3005 omnia
1355 2969 1426 3004 vasa
1438 2971 1644 3018 percipiunt,
1672 2969 1762 3004 nulla
1774 2982 1807 3004 re
1818 2981 1892 3017 quae
1902 2970 1942 3004 ad
1952 2969 2066 3005 cibum
2078 2982 2134 3006 aut

330 3035 450 3072 porum
462 3026 596 3058 attineat
608 3025 642 3057 in
654 3022 816 3069 templum
827 3020 938 3055 delata.
972 3020 1067 3054 Talia
1075 3032 1220 3067 namque
1232 3021 1329 3054 etiam
1341 3019 1380 3053 ad
1391 3018 1504 3053 altaria
1524 3015 1639 3052 offerre
1650 3016 1860 3066 prohibitum
1871 3019 1914 3053 est
1923 3043 1934 3058 ,
1953 3029 2067 3067 praeter
2078 3019 2135 3055 illa

331 3085 406 3120 quae
424 3072 464 3106 ad
486 3070 641 3106 sacrificia
652 3079 881 3120 praeparantur.
907 3068 1002 3116 Qid
1020 3081 1099 3116 ergo
1121 3071 1286 3116 Apionem
1297 3067 1452 3106 dicimus,
1463 3064 1523 3101 nisi
1535 3066 1619 3101 nihil
1632 3066 1755 3101 horum
1767 3068 2013 3102 examinantem
2032 3089 2043 3106 2
2065 3077 2134 3104 vet-
2308 3070 2335 3112 :tt

333 3119 554 3155 baineredula
565 3119 733 3168 protulisse
748 3126 758 3152 Ξ
784 3119 846 3152 Sed
858 3129 949 3166 turpe
961 3118 1003 3151 est
1015 3142 1024 3154 ‚
1045 3117 1187 3151 historiae
1206 3129 1314 3151 veram
1327 3118 1481 3151 notitiam
1496 3114 1670 3164 siproferre
1689 3117 1924 3164 grammaticus
1942 3128 2012 3150 non
2022 3115 2130 3165 poffit.
2302 3098 2335 3167 ἐ·

2309 3193 2335 3259 {a

329 3168 374 3203 Et
393 3167 495 3204 sciens
507 3168 622 3217 templi
635 3168 903 3216 nostripietatem
915 3191 925 3206 ,
942 3165 1027 3200 hanc
1045 3165 1181 3213 quidem
1203 3163 1419 3212 praetcrmifit.
1451 3165 1614 3200 Hominis
1625 3175 1733 3199 autem
1745 3166 1852 3199 Graeci
1871 3163 2133 3213 comprehensio-

305 3220 308 3223 ’
329 3230 407 3252 nem
430 3216 547 3256 finxit,
577 3215 737 3266 pabulum
757 3213 945 3256 ineffabile,
967 3217 1001 3249 δε
1023 3215 1177 3249 ciborum
1199 3212 1478 3261 opulentissimam
1498 3212 1677 3248 claritatem
1705 3225 1713 3246 :
1737 3216 1772 3247 &
1794 3214 1927 3261 peruios
1947 3214 2132 3262 ingredien-

330 3276 378 3302 tes
397 3291 407 3306 ‚
440 3266 498 3300 vbi
519 3278 578 3300 ncc
598 3263 823 3300 nobiliffimos
843 3263 1030 3297 Iudaeorum
1050 3262 1126 3297 licet
1145 3264 1266 3296 intrare
1286 3286 1297 3301 ,
1333 3260 1393 3295 nisi
1412 3261 1536 3295 fuerint
1554 3260 1752 3296 sacerdotes.
1798 3263 1878 3296 Haec
1901 3274 1981 3309 ergo
1999 3259 2130 3310 peffima

328 3315 371 3348 est
392 3317 542 3362 impietas
560 3339 569 3354 ,
601 3325 700 3361 atque
722 3313 933 3347 mendacium
956 3310 1170 3359 spontaneum
1190 3335 1200 3349 ,
1226 3311 1265 3345 ad
1287 3322 1403 3345 eorum
1425 3309 1650 3345 seductionem
1670 3332 1681 3349 ‚
1713 3311 1773 3357 qui
1793 3309 1972 3346 noluerunt
1992 3308 2130 3344 discute-

327 3372 361 3394 re
382 3366 571 3397 veritatem.
606 3363 665 3396 Per
681 3375 717 3397 ea
739 3360 900 3409 siquidem
921 3360 1004 3395 mala
1024 3358 1203 3393 ineffabilia
1229 3385 1239 3396 ‚
1274 3371 1346 3407 quae
1368 3359 1523 3407 praedifika
1550 3358 1624 3392 sunt
1642 3383 1654 3397 ,
1681 3358 1780 3393 nobis
1799 3357 1965 3393 detrahere
1981 3355 2129 3391 tentari&-

327 3419 372 3442 re.
411 3409 622 3458 Rursumque
650 3421 810 3458 tanquam
830 3407 990 3457 piissimus
1017 3408 1142 3442 deridet
1167 3431 1177 3444 ‚
1211 3407 1368 3442 adiiciens
1385 3405 1501 3446 fabulae
1522 3408 1634 3442 inania
1653 3404 1744 3441 faista.
1787 3408 1845 3441 Ait
1864 3408 1953 3440 enim
1973 3403 2068 3438 illum
2079 3417 2130 3440 re-
2313 3375 2335 3422 *l

327 3456 431 3492 minse
452 3482 462 3497 ‚
485 3461 563 3494 dum
577 3458 706 3494 bellum
726 3459 951 3494 ludaeicontra
969 3459 1131 3492 Idumaeos
1150 3454 1310 3491 haberent
1323 3455 1433 3505 longo
1451 3455 1598 3502 quodam
1611 3467 1783 3504 ternpore,
1808 3467 1847 3490 ex
1865 3451 1975 3499 aliqua
1995 3455 2126 3489 ciuitate
2322 3416 2335 3493 ἐ

1879 3501 2118 3557 Iduniaeotuni„
